@misc {		dvd_verval,
		author="{Van Dale}",
		title="Betekenis 'Verval'",
		journal="Van Dale Gratis Woordenboek",
		year="2022",
		url={https://www.vandale.nl/gratis-woordenboek/nederlands/betekenis/Verval}
}

@misc {		rws_2022,
		author="Rijkswaterstaat",
		title="Dammen, sluizen en stuwen",
		journal="Rijkswaterstaat",
		year="2022",
		url={https://www.rijkswaterstaat.nl/water/waterbeheer/bescherming-tegen-het-water/waterkeringen/dammen-sluizen-en-stuwen}
}

@article {	oosterveld_1976,
		author="D. Oosterveld",
		title="Sluizen: Sluissimulatie, kanaaloptimalisatie",
		journal="TU Delft Research Repository",
		year="1976",
		url={https://repository.tudelft.nl/islandora/object/uuid:91c8cde2-0708-430f-a736-15f2164b6709}
}

@misc {	herald-dispatch_2009, 
		title={Corps finds cause of Ohio River Lock Failure | News ...}, 
		url={https://www.herald-dispatch.com/news/recent_news/corps-finds-cause-of-ohio-river-lock-failure/article_9ef15d96-07b2-5cfc-ad9d-1ea044ef48b8.html}, 
		journal={Herald-Dispatch}, 
		year={2009}, 
		month={Dec}
} 

@mastersthesis{	poelgeest_2020, 
		title={Risks of structural failure of navigation locks due to drought}, 
		author={van Poelgeest, Remco}, 
		year={2020},
		school={TU Delft}
} 

 @misc{james_rodger_2019, 
		title={Dramatic moment canal boat sinks after owner fails to read warning}, 
		url={https://www.birminghammail.co.uk/news/midlands-news/dramatic-moment-canal-boat-sinks-16639055}, 
		journal={BirminghamLive}, 
		author={James Rodger}, 
		year={2019}, 
		month={Jul}
} 